<?xml version="1.0" encoding="UTF-8"?><collection xmlns="http://www.loc.gov/MARC21/slim"><record><leader>00434nam--2200169-u-4500</leader><controlfield tag="001">000051930</controlfield><controlfield tag="002">20161230</controlfield><controlfield tag="005">20161230201049</controlfield><controlfield tag="008">090504s1000------------r-----000-0-eng-d</controlfield><datafield ind1=" " ind2=" " tag="040"><subfield code="a">IFIN-HH</subfield></datafield><datafield ind1=" " ind2=" " tag="080"><subfield code="a">531.36</subfield></datafield><datafield ind1="1" ind2=" " tag="100"><subfield code="a">Irtegov,V.D</subfield></datafield><datafield ind1="1" ind2="0" tag="245"><subfield code="a">Invariantnye Mnogoobraziya Statsionarnykh Dvizhenii i ikh Ustoichivost</subfield></datafield><datafield ind1=" " ind2=" " tag="260"><subfield code="a">Novosibirsk</subfield><subfield code="c">1985</subfield></datafield><datafield ind1=" " ind2=" " tag="300"><subfield code="a">141 p</subfield></datafield><datafield ind1=" " ind2=" " tag="852"><subfield code="a">73621</subfield><subfield code="c">517.9</subfield></datafield><datafield ind1=" " ind2=" " tag="CAT"><subfield code="a">Sys</subfield><subfield code="c">20090504</subfield><subfield code="h">112307</subfield></datafield></record></collection>